101                    1510161543A094101                                                      
5225                                                           151016151016   1        0000012
6AB5555555555555555555       0000010000ABC123         BOB SMITH               0DEF456         
6AB5555555555555555555       0000010000ABC123         BOB SMITH               0DEF456         
6AB5555555555555555555       0000010000ABC123         BOB SMITH               0DEF456         
6AB5555555555555555555       0000010000ABC123         BOB SMITH               0DEF456         
6AB5555555555555555555       0000010000ABC123         BOB SMITH               0DEF456         
6AB5555555555555555555       0000010000ABC123         BOB SMITH               0DEF456         
6AB5555555555555555555       0000010000ABC123         BOB SMITH               0DEF456         
6AB5555555555555555555       0000010000ABC123         BOB SMITH               0DEF456         
6AB5555555555555555555       0000010000ABC123         BOB SMITH               0DEF456         
6AB5555555555555555555       0000010000ABC123         BOB SMITH               0DEF456         
82250000105555555550000000000000000000100000                                           0000012
5225                                                           151016151016   1        0000013
6AB5555555555555555555       0000010000ABC123         BOB SMITH               0DEF456         
6AB5555555555555555555       0000010000ABC123         BOB SMITH               0DEF456         
6AB5555555555555555555       0000010000ABC123         BOB SMITH               0DEF456         
6AB5555555555555555555       0000010000ABC123         BOB SMITH               0DEF456         
6AB5555555555555555555       0000010000ABC123         BOB SMITH               0DEF456         
6AB5555555555555555555       0000010000ABC123         BOB SMITH               0DEF456         
6AB5555555555555555555       0000010000ABC123         BOB SMITH               0DEF456         
6AB5555555555555555555       0000010000ABC123         BOB SMITH               0DEF456         
6AB5555555555555555555       0000010000ABC123         BOB SMITH               0DEF456         
6AB5555555555555555555       0000010000ABC123         BOB SMITH               0DEF456         
82250000105555555550000000000000000000100000                                           0000013
5225                                                           151016151016   1        0000014
6AB5555555555555555555       0000010000ABC123         BOB SMITH               0DEF456         
6AB5555555555555555555       0000010000ABC123         BOB SMITH               0DEF456         
6AB5555555555555555555       0000010000ABC123         BOB SMITH               0DEF456         
6AB5555555555555555555       0000010000ABC123         BOB SMITH               0DEF456         
6AB5555555555555555555       0000010000ABC123         BOB SMITH               0DEF456         
6AB5555555555555555555       0000010000ABC123         BOB SMITH               0DEF456         
6AB5555555555555555555       0000010000ABC123         BOB SMITH               0DEF456         
6AB5555555555555555555       0000010000ABC123         BOB SMITH               0DEF456         
6AB5555555555555555555       0000010000ABC123         BOB SMITH               0DEF456         
6AB5555555555555555555       0000010000ABC123         BOB SMITH               0DEF456         
82250000105555555550000000000000000000100000                                           0000014
5225                                                           151016151016   1        0000015
6AB5555555555555555555       0000010000ABC123         BOB SMITH               0DEF456         
6AB5555555555555555555       0000010000ABC123         BOB SMITH               0DEF456         
6AB5555555555555555555       0000010000ABC123         BOB SMITH               0DEF456         
6AB5555555555555555555       0000010000ABC123         BOB SMITH               0DEF456         
6AB5555555555555555555       0000010000ABC123         BOB SMITH               0DEF456         
6AB5555555555555555555       0000010000ABC123         BOB SMITH               0DEF456         
6AB5555555555555555555       0000010000ABC123         BOB SMITH               0DEF456         
6AB5555555555555555555       0000010000ABC123         BOB SMITH               0DEF456         
6AB5555555555555555555       0000010000ABC123         BOB SMITH               0DEF456         
6AB5555555555555555555       0000010000ABC123         BOB SMITH               0DEF456         
82250000105555555550000000000000000000100000                                           0000015
5225                                                           151016151016   1        0000016
6AB5555555555555555555       0000010000ABC123         BOB SMITH               0DEF456         
6AB5555555555555555555       0000010000ABC123         BOB SMITH               0DEF456         
6AB5555555555555555555       0000010000ABC123         BOB SMITH               0DEF456         
6AB5555555555555555555       0000010000ABC123         BOB SMITH               0DEF456         
6AB5555555555555555555       0000010000ABC123         BOB SMITH               0DEF456         
6AB5555555555555555555       0000010000ABC123         BOB SMITH               0DEF456         
6AB5555555555555555555       0000010000ABC123         BOB SMITH               0DEF456         
6AB5555555555555555555       0000010000ABC123         BOB SMITH               0DEF456         
6AB5555555555555555555       0000010000ABC123         BOB SMITH               0DEF456         
6AB5555555555555555555       0000010000ABC123         BOB SMITH               0DEF456         
82250000105555555550000000000000000000100000                                           0000016
5225                                                           151016151016   1        0000017
6AB5555555555555555555       0000010000ABC123         BOB SMITH               0DEF456         
6AB5555555555555555555       0000010000ABC123         BOB SMITH               0DEF456         
6AB5555555555555555555       0000010000ABC123         BOB SMITH               0DEF456         
6AB5555555555555555555       0000010000ABC123         BOB SMITH               0DEF456         
6AB5555555555555555555       0000010000ABC123         BOB SMITH               0DEF456         
6AB5555555555555555555       0000010000ABC123         BOB SMITH               0DEF456         
6AB5555555555555555555       0000010000ABC123         BOB SMITH               0DEF456         
6AB5555555555555555555       0000010000ABC123         BOB SMITH               0DEF456         
6AB5555555555555555555       0000010000ABC123         BOB SMITH               0DEF456         
6AB5555555555555555555       0000010000ABC123         BOB SMITH               0DEF456         
82250000105555555550000000000000000000100000                                           0000017
5225                                                           151016151016   1        0000018
6AB5555555555555555555       0000010000ABC123         BOB SMITH               0DEF456         
6AB5555555555555555555       0000010000ABC123         BOB SMITH               0DEF456         
6AB5555555555555555555       0000010000ABC123         BOB SMITH               0DEF456         
6AB5555555555555555555       0000010000ABC123         BOB SMITH               0DEF456         
6AB5555555555555555555       0000010000ABC123         BOB SMITH               0DEF456         
6AB5555555555555555555       0000010000ABC123         BOB SMITH               0DEF456         
6AB5555555555555555555       0000010000ABC123         BOB SMITH               0DEF456         
6AB5555555555555555555       0000010000ABC123         BOB SMITH               0DEF456         
6AB5555555555555555555       0000010000ABC123         BOB SMITH               0DEF456         
6AB5555555555555555555       0000010000ABC123         BOB SMITH               0DEF456         
82250000105555555550000000000000000000100000                                           0000018
5225                                                           151016151016   1        0000019
6AB5555555555555555555       0000010000ABC123         BOB SMITH               0DEF456         
6AB5555555555555555555       0000010000ABC123         BOB SMITH               0DEF456         
6AB5555555555555555555       0000010000ABC123         BOB SMITH               0DEF456         
6AB5555555555555555555       0000010000ABC123         BOB SMITH               0DEF456         
6AB5555555555555555555       0000010000ABC123         BOB SMITH               0DEF456         
6AB5555555555555555555       0000010000ABC123         BOB SMITH               0DEF456         
6AB5555555555555555555       0000010000ABC123         BOB SMITH               0DEF456         
6AB5555555555555555555       0000010000ABC123         BOB SMITH               0DEF456         
6AB5555555555555555555       0000010000ABC123         BOB SMITH               0DEF456         
6AB5555555555555555555       0000010000ABC123         BOB SMITH               0DEF456         
82250000105555555550000000000000000000100000                                           0000019
5225                                                           151016151016   1        0000020
6AB5555555555555555555       0000010000ABC123         BOB SMITH               0DEF456         
6AB5555555555555555555       0000010000ABC123         BOB SMITH               0DEF456         
6AB5555555555555555555       0000010000ABC123         BOB SMITH               0DEF456         
6AB5555555555555555555       0000010000ABC123         BOB SMITH               0DEF456         
6AB5555555555555555555       0000010000ABC123         BOB SMITH               0DEF456         
6AB5555555555555555555       0000010000ABC123         BOB SMITH               0DEF456         
6AB5555555555555555555       0000010000ABC123         BOB SMITH               0DEF456         
6AB5555555555555555555       0000010000ABC123         BOB SMITH               0DEF456         
6AB5555555555555555555       0000010000ABC123         BOB SMITH               0DEF456         
6AB5555555555555555555       0000010000ABC123         BOB SMITH               0DEF456         
82250000105555555550000000000000000000100000                                           0000020
5225                                                           151016151016   1        0000021
6AB5555555555555555555       0000010000ABC123         BOB SMITH               0DEF456         
6AB5555555555555555555       0000010000ABC123         BOB SMITH               0DEF456         
6AB5555555555555555555       0000010000ABC123         BOB SMITH               0DEF456         
6AB5555555555555555555       0000010000ABC123         BOB SMITH               0DEF456         
6AB5555555555555555555       0000010000ABC123         BOB SMITH               0DEF456         
6AB5555555555555555555       0000010000ABC123         BOB SMITH               0DEF456         
6AB5555555555555555555       0000010000ABC123         BOB SMITH               0DEF456         
6AB5555555555555555555       0000010000ABC123         BOB SMITH               0DEF456         
6AB5555555555555555555       0000010000ABC123         BOB SMITH               0DEF456         
6AB5555555555555555555       0000010000ABC123         BOB SMITH               0DEF456         
82250000105555555550000000000000000000100000                                           0000021
9000010000013000001005555555500000000000000000001000000                                       
9999999999999999999999999999999999999999999999999999999999999999999999999999999999999999999999
9999999999999999999999999999999999999999999999999999999999999999999999999999999999999999999999
9999999999999999999999999999999999999999999999999999999999999999999999999999999999999999999999
9999999999999999999999999999999999999999999999999999999999999999999999999999999999999999999999
9999999999999999999999999999999999999999999999999999999999999999999999999999999999999999999999
9999999999999999999999999999999999999999999999999999999999999999999999999999999999999999999999
9999999999999999999999999999999999999999999999999999999999999999999999999999999999999999999999
9999999999999999999999999999999999999999999999999999999999999999999999999999999999999999999999
